%% Journal article
@article{bib1,
  author		= "Campbell, S. L. and Gear, C. W.",
  title			= "The index of general nonlinear {D}{A}{E}{S}",
  journal		= "Numer. {M}ath.",
  volume		= "72",
  number		= "2",
  pages			= "173--196",
  year			= "1995"
}

%% Journal article with DOI
@article{bib2,
  author		= "Slifka, M. K. and Whitton, J. L.",
  title			= "Clinical implications of dysregulated cytokine production",
  journal		= "J. {M}ol. {M}ed.",
  volume		= "78",
  pages			= "74--80",
  year			= "2000",
  doi			= "10.1007/s001090000086"
}

%% Journal article
@article{bib3,
  author		= "Hamburger, C.",
  title			= "Quasimonotonicity, regularity and duality for nonlinear systems of 
					partial differential equations",
  journal		= "Ann. Mat. Pura. Appl.",
  volume		= "169",
  number		= "2",
  pages			= "321--354",
  year			= "1995"
}

%% book, authored
@book{bib4,
  author		= "Geddes, K. O. and Czapor, S. R. and Labahn, G.",
  title			= "Algorithms for {C}omputer {A}lgebra",
  address		= "Boston",
  publisher		= "Kluwer",
  year			= "1992"
}

%% Item 8. Book, chapter
@incollection{bib5,
  author		= "Broy, M.",
  title			= "Software engineering---from auxiliary to key technologies",
  editor		= "Broy, M. and Denert, E.",
  booktitle		= "Software Pioneers",
  pages			= "10--13",
  address		= "New {Y}ork",
  publisher		= "Springer",
  year			= "1992"
}

%% Book, edited
@book{bib6,
  editor		= "Seymour, R. S.",
  title			= "Conductive {P}olymers",
  address		= "New {Y}ork",
  publisher		= "Plenum",
  year			= "1981"
}

%% Chapter in a book in a series with volume titles
@inproceedings{bib7,
  author		= "Smith, S. E.",
  title			= "Neuromuscular blocking drugs in man",
  editor		= "Zaimis, E.",
  volume		= "42",
  booktitle		= "Neuromuscular junction. {H}andbook of experimental pharmacology",
  pages			= "593--660",
  address		= "Heidelberg",
  publisher		= "Springer",
  year			= "1976"
}

%% Paper presented at a conference
@misc{bib8,
  author		= "Chung, S. T. and Morris, R. L.",
  title			= "Isolation and characterization of plasmid deoxyribonucleic acid from 
					Streptomyces fradiae",
  year			= "1978",
  note			= "Paper presented at the 3rd international symposium on the genetics 
					of industrial microorganisms, University of {W}isconsin, {M}adison, 
					4--9 June 1978"
}

%% Data citation example
@misc{bib9,
  author		= "Hao, Z. and AghaKouchak, A. and Nakhjiri, N. and Farahmand, A.",
  title			= "Global integrated drought monitoring and prediction system (GIDMaPS) data sets", 
  year			= "2014",
  note			= "figshare \url{https://doi.org/10.6084/m9.figshare.853801}"
}

%% Preprint citation example
@misc{bib10, 
  author		= "Babichev, S. A. and Ries, J. and Lvovsky, A. I.",
  title			= "Quantum scissors: teleportation of single-mode optical states by means 
					of a nonlocal single photon", 
  year			= "2002",
  note			= "Preprint at \url{https://arxiv.org/abs/quant-ph/0208066v1}"
}

@article{bib11,
  author		= "Beneke, M. and Buchalla, G. and Dunietz, I.",
  title			= "Mixing induced {CP} asymmetries in inclusive {B} decays",
  journal		= "Phys. {L}ett.",
  volume		= "B393",
  year			= "1997",
  pages			= "132-142",
  archivePrefix		= "arXiv",
  eprint		= "0707.3168",
  primaryClass		= "gr-gc"
}

@softmisc{bib12,
  author		= "Stahl, B.",
  title			= "deep{SIP}: deep learning of {S}upernova {I}a {P}arameters",
  version		= "0.42",
  keywords		= "Software",
  howpublished		= "Astrophysics {S}ource {C}ode {L}ibrary",
  year			= "2020",
  month			= "Jun",
  eid			= "ascl:2006.023",
  pages			= "ascl:2006.023",
  archivePrefix		= "ascl",
  eprint		= "2006.023",
  adsurl		= "{https://ui.adsabs.harvard.edu/abs/2020ascl.soft06023S}",
  adsnote		= "Provided by the SAO/NASA Astrophysics Data System"
}

@article{bib13,
  author = "Abbott, T. M. C. and others",
  collaboration = "DES",
  title = "{Dark Energy Survey Year 1 Results: Constraints on Extended Cosmological Models from Galaxy Clustering and Weak Lensing}",
  eprint = "1810.02499",
  archivePrefix = "arXiv",
  primaryClass = "astro-ph.CO",
  reportNumber = "FERMILAB-PUB-18-507-PPD",
  doi = "10.1103/PhysRevD.99.123505",
  journal = "Phys. Rev. D",
  volume = "99",
  number = "12",
  pages = "123505",
  year = "2019"
}

%%============================================================================%%
%% while using chicago reference style, both abbreviated and expanded form of %%
%% author name format is acceptable. Refer below example for expanded form    %%
%%============================================================================%%

%%  author		= "{Cameron, Deborah}", - single author
%%  author		= "{Saito, Yukio} and {Hyuga, Hiroyuki}", - double author 

%%======================================%%
%% Example for author names with suffix %%
%%======================================%%

%%  author		= "{Price, R. A. Jr} and {Curry, N. {III}} and McCann, K. E. and 
%%					Fielding, J. L. and {Abercrombie, E. Jr}",


% bmc_article.bib
% 
%  An example of bibtex entries.
%  Entries taken from BMC instructions for authors page.

% uncomment next line to make author-year bibliography
% @settings{label, options="nameyear"}

@article{blank,
    author  = {}, 
    title   = {},
    journal = {}, 
    year    = {},
    month   = {}, 
    volume  = {}, 
    number  = {}, 
    pages   = {},
    note    = {} 
}    

% Article within a journal
@article{koon,
    author  = {Koonin, E V and Altschul, S F and P Bork}, 
    title   = {BRCA1 protein products: functional motifs}, 
    journal = {Nat. Genet.}, 
    year    = {1996},
    volume  = {13}, 
    pages   = {266-267}
}    

%%%%%%%%
% Article within conference proceedings
@inproceedings{xjon,
    author    = {X Jones}, 
    title     = {Zeolites and synthetic mechanisms},
    booktitle = {Proceedings of the First National Conference on 
                Porous Sieves: 27-30 June 1996; Baltimore},
    year      = {1996},
    editor    = {Y Smith}, 
    pages     = {16-27},
}    

%%%%%%%%
%  Book chapter, or article within a book
@incollection{schn,
    author    = {E Schnepf}, 
    title     = {From prey via endosymbiont to plastids: 
             comparative studies in dinoflagellates},
    booktitle = {Origins of Plastids}, 
    editor    = {R A Lewin}, 
    publisher = {Chapman and Hall},
    pages     = {53-76}, 
    year      = {1993},
    address = {New York}, 
    edition = {2nd} 
}    

%%%%%%%%
% Complete book
@book{marg,
    author    = {L Margulis}, 
    title     = {Origin of Eukaryotic Cells},
    publisher = {Yale University Press}, 
    year      = {1970},
    address   = {New Haven} 
}


%%%%%%%%
% PHD Thesis
@phdthesis{koha,
    author = {R Kohavi}, 
    title  = {Wrappers for performance enhancement and
             obvious decision graphs},
    school = {Stanford University, Computer Science Department},
    year   = {1995}
}

%%%%%%%%
%  Miscellaneous: webpage link/urL, etc/
@misc{issnic,
    author  = {{ISSN International Centre}},
    title = {The ISSN register},
    url = {http://www.issn.org},
    year = {2006},
    urldate={Accessed 20 Feb 2007}
}

%%%%%%%%%%%%%%%%%%%%%%%%%%%%%%%%%%%%%%%%%%%%%%%%%%%%%%%%%%%%%%%


% Introduction

@article{sibbald1998understanding,
  title={{Understanding controlled trials. Why are randomised controlled trials important?}},
  author={Sibbald, Bonnie and Roland, Martin},
  journal={BMJ: British Medical Journal},
  volume={316},
  number={7126},
  pages={201},
  year={1998},
  publisher={BMJ Publishing Group}
}

@article{kjaergard1999randomized,
  title={Randomized clinical trials in HEPATOLOGY: predictors of quality},
  author={Kjaergard, Lise Lotte and Nikolova, Dimitrinka and Gluud, Christian},
  journal={Hepatology},
  volume={30},
  number={5},
  pages={1134--1138},
  year={1999},
  publisher={Wiley Online Library}
}

@article{naci2019design,
  title={Design characteristics, risk of bias, and reporting of randomised controlled trials supporting approvals of cancer drugs by European Medicines Agency, 2014-16: cross sectional analysis},
  author={Naci, Huseyin and Davis, Courtney and Savovi{\'c}, Jelena and Higgins, Julian PT and Sterne, Jonathan AC and Gyawali, Bishal and Romo-Sandoval, Xochitl and Handley, Nicola and Booth, Christopher M},
  journal={bmj},
  volume={366},
  year={2019},
  publisher={British Medical Journal Publishing Group}
}


@article{jardim2022automating,
  title={Automating risk of bias assessment in systematic reviews: a real-time mixed methods comparison of human researchers to a machine learning system},
  author={Jardim, Patricia Sofia Jacobsen and Rose, Christopher James and Ames, Heather Melanie and Echavez, Jose Francisco Meneses and Van de Velde, Stijn and Muller, Ashley Elizabeth},
  journal={BMC Medical Research Methodology},
  volume={22},
  number={1},
  pages={1--12},
  year={2022},
  publisher={Springer}
}

@article{soboczenski2019machine,
  title={Machine learning to help researchers evaluate biases in clinical trials: a prospective, randomized user study},
  author={Soboczenski, Frank and Trikalinos, Thomas A and Kuiper, Jo{\"e}l and Bias, Randolph G and Wallace, Byron C and Marshall, Iain J},
  journal={BMC medical informatics and decision making},
  volume={19},
  number={1},
  pages={1--12},
  year={2019},
  publisher={Springer}
}

@inproceedings{marshall2014automating,
  title={Automating risk of bias assessment for clinical trials},
  author={Marshall, Iain J and Kuiper, Jo{\"e}l and Wallace, Byron C},
  booktitle={proceedings of the 5th ACM Conference on Bioinformatics, Computational Biology, and Health Informatics},
  pages={88--95},
  year={2014}
}

@article{arno2022accuracy,
  title={Accuracy and Efficiency of Machine Learning--Assisted Risk-of-Bias Assessments in “Real-World” Systematic Reviews: A Noninferiority Randomized Controlled Trial},
  author={Arno, Anneliese and Thomas, James and Wallace, Byron and Marshall, Iain J and McKenzie, Joanne E and Elliott, Julian H},
  journal={Annals of Internal Medicine},
  year={2022},
  publisher={American College of Physicians}
}

@article{sterne2019rob,
  title={RoB 2: a revised tool for assessing risk of bias in randomised trials},
  author={Sterne, Jonathan AC and Savovi{\'c}, Jelena and Page, Matthew J and Elbers, Roy G and Blencowe, Natalie S and Boutron, Isabelle and Cates, Christopher J and Cheng, Hung-Yuan and Corbett, Mark S and Eldridge, Sandra M and others},
  journal={bmj},
  volume={366},
  year={2019},
  publisher={British Medical Journal Publishing Group}
}

@article{tsertsvadze2015conduct,
  title={How to conduct systematic reviews more expeditiously?},
  author={Tsertsvadze, Alexander and Chen, Yen-Fu and Moher, David and Sutcliffe, Paul and McCarthy, Noel},
  journal={Systematic reviews},
  volume={4},
  number={1},
  pages={1--6},
  year={2015},
  publisher={BioMed Central}
}

@article{khangura2012evidence,
  title={Evidence summaries: the evolution of a rapid review approach},
  author={Khangura, Sara and Konnyu, Kristin and Cushman, Rob and Grimshaw, Jeremy and Moher, David},
  journal={Systematic reviews},
  volume={1},
  number={1},
  pages={1--9},
  year={2012},
  publisher={BioMed Central}
}

@article{higgins2011cochrane,
  title={The Cochrane Collaboration’s tool for assessing risk of bias in randomised trials},
  author={Higgins, Julian PT and Altman, Douglas G and G{\o}tzsche, Peter C and J{\"u}ni, Peter and Moher, David and Oxman, Andrew D and Savovi{\'c}, Jelena and Schulz, Kenneth F and Weeks, Laura and Sterne, Jonathan AC},
  journal={Bmj},
  volume={343},
  year={2011},
  publisher={British Medical Journal Publishing Group}
}

@article{farrah2019risk,
  title={Risk of bias tools in systematic reviews of health interventions: an analysis of PROSPERO-registered protocols},
  author={Farrah, Kelly and Young, Kelsey and Tunis, Matthew C and Zhao, Linlu},
  journal={Systematic reviews},
  volume={8},
  number={1},
  pages={1--9},
  year={2019},
  publisher={BioMed Central}
}

@misc{elkins2013growth,
  title={Growth in the Physiotherapy Evidence Database (PEDro) and use of the PEDro scale},
  author={Elkins, Mark R and Moseley, Anne M and Sherrington, Catherine and Herbert, Robert D and Maher, Christopher G},
  journal={British Journal of Sports Medicine},
  volume={47},
  number={4},
  pages={188--189},
  year={2013},
  publisher={BMJ Publishing Group Ltd and British Association of Sport and Exercise Medicine}
}

@article{shea2017amstar,
  title={AMSTAR 2: a critical appraisal tool for systematic reviews that include randomised or non-randomised studies of healthcare interventions, or both},
  author={Shea, Beverley J and Reeves, Barnaby C and Wells, George and Thuku, Micere and Hamel, Candyce and Moran, Julian and Moher, David and Tugwell, Peter and Welch, Vivian and Kristjansson, Elizabeth and others},
  journal={bmj},
  volume={358},
  year={2017},
  publisher={British Medical Journal Publishing Group}
}

@book{higgins2019cochrane,
  title={Cochrane handbook for systematic reviews of interventions},
  author={Higgins, Julian PT and Thomas, James and Chandler, Jacqueline and Cumpston, Miranda and Li, Tianjing and Page, Matthew J and Welch, Vivian A},
  year={2019},
  publisher={John Wiley \& Sons}
}

@article{marshall2015automating,
  title={Automating risk of bias assessment for clinical trials},
  author={Marshall, Iain J and Kuiper, Jo{\"e}l and Wallace, Byron C},
  journal={IEEE journal of biomedical and health informatics},
  volume={19},
  number={4},
  pages={1406--1412},
  year={2015},
  publisher={IEEE}
}

@article{millard2016machine,
  title={Machine learning to assist risk-of-bias assessments in systematic reviews},
  author={Millard, Louise AC and Flach, Peter A and Higgins, Julian PT},
  journal={International journal of epidemiology},
  volume={45},
  number={1},
  pages={266--277},
  year={2016},
  publisher={Oxford University Press}
}


% Methodology

@article{ma2020methodological,
  title={Methodological quality (risk of bias) assessment tools for primary and secondary medical studies: what are they and which is better?},
  author={Ma, Lin-Lu and Wang, Yun-Yun and Yang, Zhi-Hua and Huang, Di and Weng, Hong and Zeng, Xian-Tao},
  journal={Military Medical Research},
  volume={7},
  number={1},
  pages={1--11},
  year={2020},
  publisher={Springer}
}


@article{cohen2008randomized,
  title={Randomized placebo-controlled study evaluating lateral branch radiofrequency denervation for sacroiliac joint pain},
  author={Cohen, Steven P and Hurley, Robert W and Buckenmaier, Chester C and Kurihara, Connie and Morlando, Benny and Dragovich, Anthony},
  journal={The Journal of the American Society of Anesthesiologists},
  volume={109},
  number={2},
  pages={279--288},
  year={2008},
  publisher={The American Society of Anesthesiologists}
}

@article{saltaji2017randomized,
  title={Randomized clinical trials in dentistry: Risks of bias, risks of random errors, reporting quality, and methodologic quality over the years 1955--2013},
  author={Saltaji, Humam and Armijo-Olivo, Susan and Cummings, Greta G and Amin, Maryam and Flores-Mir, Carlos},
  journal={PloS one},
  volume={12},
  number={12},
  pages={e0190089},
  year={2017},
  publisher={Public Library of Science San Francisco, CA USA}
}

@article{rahim2021effect,
  title={The effect of a brown-rice diets on glycemic control and metabolic parameters in prediabetes and type 2 diabetes mellitus: a meta-analysis of randomized controlled trials and controlled clinical trials},
  author={Rahim, Anis Farhanah Abdul and Norhayati, Mohd Noor and Zainudin, Aida Maziha},
  journal={PeerJ},
  volume={9},
  pages={e11291},
  year={2021},
  publisher={PeerJ Inc.}
}

@article{imel2013meta,
  title={Meta-analysis of dropout in treatments for posttraumatic stress disorder.},
  author={Imel, Zac E and Laska, Kevin and Jakupcak, Matthew and Simpson, Tracy L},
  journal={Journal of consulting and clinical psychology},
  volume={81},
  number={3},
  pages={394},
  year={2013},
  publisher={American Psychological Association}
}

@article{cedenilla2023psychosocial,
  title={Psychosocial Interventions for the Treatment of Cancer-Related Fatigue: An Umbrella Review},
  author={Cedenilla Ram{\'o}n, Nieves and Calvo Arenillas, Jose Ignacio and Aranda Valero, Sandra and S{\'a}nchez Guzm{\'a}n, Alba and Moruno Miralles, Pedro},
  journal={Current Oncology},
  volume={30},
  number={3},
  pages={2954--2977},
  year={2023},
  publisher={MDPI}
}

@article{swan2003bupropion,
  title={Bupropion SR and counseling for smoking cessation in actual practice: Predictors of outcome},
  author={Swan, Gary E and Jack, Lisa M and Curry, Sue and Chorost, Michael and Javitz, Harold and McAfee, Tim and Dacey, Sara},
  journal={Nicotine \& Tobacco Research},
  volume={5},
  number={6},
  pages={911--921},
  year={2003},
  publisher={Society for Research on Nicotine and Tobacco}
}

@article{o2012rethinking,
  title={Rethinking clinical trials of transcranial direct current stimulation: participant and assessor blinding is inadequate at intensities of 2mA},
  author={O’connell, Neil E and Cossar, John and Marston, Louise and Wand, Benedict M and Bunce, David and Moseley, G Lorimer and De Souza, Lorraine H},
  year={2012},
  publisher={Public Library of Science San Francisco, USA}
}

@article{andersson2020effect,
  title={The effect of physiotherapy including frequent changes of body position and stimulation to physical activity for infants hospitalised with acute airway infections. Study protocol for a randomised controlled trial},
  author={Andersson-Marforio, Sonja and Lundkvist Josenby, Annika and Ekvall Hansson, Eva and Hansen, Christine},
  journal={Trials},
  volume={21},
  pages={1--10},
  year={2020},
  publisher={Springer}
}

@article{buttery2023lung,
  title={Lung volume reduction surgery versus endobronchial valves: a randomised controlled trial},
  author={Buttery, Sara C and Banya, Winston and Bilancia, Rocco and Boyd, Elizabeth and Buckley, Julie and Greening, Neil J and Housley, Kay and Jordan, Simon and Kemp, Samuel V and Kirk, Alan JB and others},
  journal={European Respiratory Journal},
  volume={61},
  number={4},
  year={2023},
  publisher={Eur Respiratory Soc}
}

@article{hrobjartsson2011blinding,
  title={Blinding in randomized clinical trials: imposed impartiality},
  author={Hr{\'o}bjartsson, A and Boutron, I},
  journal={Clinical Pharmacology \& Therapeutics},
  volume={90},
  number={5},
  pages={732--736},
  year={2011},
  publisher={Wiley Online Library}
}

@article{chiaravalloti2020efficacy,
  title={The efficacy of the modified Story Memory Technique in progressive MS},
  author={Chiaravalloti, Nancy D and Moore, Nancy B and DeLuca, John},
  journal={Multiple Sclerosis Journal},
  volume={26},
  number={3},
  pages={354--362},
  year={2020},
  publisher={SAGE Publications Sage UK: London, England}
}


@article{paterson2019feasibility,
  title={A feasibility study of a cross-diagnostic, CBT-based psychological intervention for acute mental health inpatients: Results, challenges, and methodological implications},
  author={Paterson, Charlotte and Karatzias, Thanos and Harper, Sean and Dougall, Nadine and Dickson, Adele and Hutton, Paul},
  journal={British Journal of Clinical Psychology},
  volume={58},
  number={2},
  pages={211--230},
  year={2019},
  publisher={Wiley Online Library}
}


@article{osteraas2019implementing,
  title={Implementing a structured model for osteoarthritis care in primary healthcare: a stepped-wedge cluster-randomised trial},
  author={{\O}ster{\aa}s, Nina and Moseng, Tuva and Bodegom-Vos, Leti van and Dziedzic, Krysia and Mdala, Ibrahim and Natvig, B{\aa}rd and R{\o}tterud, Jan Harald and Schjervheim, Unni-Berit and Vlieland, Thea Vliet and Andreassen, {\O}yvor and others},
  journal={PLoS medicine},
  volume={16},
  number={10},
  pages={e1002949},
  year={2019},
  publisher={Public Library of Science San Francisco, CA USA}
}

@article{folayan2019challenges,
  title={Challenges with study procedure fidelity when conducting household survey: reports from the field},
  author={Folayan, Morenike Oluwatoyin and Alade, Micheal O and Oziegbe, Elizabeth O},
  journal={BMC Research Notes},
  volume={12},
  pages={1--5},
  year={2019},
  publisher={Springer}
}

@article{merli2020immediate,
  title={Immediate versus early non-occlusal loading of dental implants placed flapless in partially edentulous patients: A 10-year randomized clinical trial},
  author={Merli, Mauro and Merli, Marco and Mariotti, Giorgia and Pagliaro, Umberto and Moscatelli, Marco and Nieri, Michele},
  journal={Journal of Clinical Periodontology},
  volume={47},
  number={5},
  pages={621--629},
  year={2020},
  publisher={Wiley Online Library}
}


@article{dodd2012nonadherence,
  title={Nonadherence to treatment protocol in published randomised controlled trials: a review},
  author={Dodd, Susanna and White, Ian R and Williamson, Paula},
  journal={Trials},
  volume={13},
  pages={1--16},
  year={2012},
  publisher={Springer}
}

@article{rozenfeld2006effect,
  title={Effect of patient withdrawal on a study evaluating pharmacist management of hypertension},
  author={Rozenfeld, Yelena and Hunt, Jacquelyn S},
  journal={Pharmacotherapy: The Journal of Human Pharmacology and Drug Therapy},
  volume={26},
  number={11},
  pages={1565--1571},
  year={2006},
  publisher={Wiley Online Library}
}

@article{tomazini2020effect,
  title={Effect of dexamethasone on days alive and ventilator-free in patients with moderate or severe acute respiratory distress syndrome and COVID-19: the CoDEX randomized clinical trial},
  author={Tomazini, Bruno M and Maia, Israel S and Cavalcanti, Alexandre B and Berwanger, Otavio and Rosa, Regis G and Veiga, Viviane C and Avezum, Alvaro and Lopes, Renato D and Bueno, Flavia R and Silva, Maria Vitoria AO and others},
  journal={Jama},
  volume={324},
  number={13},
  pages={1307--1316},
  year={2020},
  publisher={American Medical Association}
}

@article{prodeus2016fermented,
  title={Fermented milk consumption and common infections in children attending day-care centers: a randomized trial},
  author={Prodeus, Andrey and Niborski, Violeta and Schrezenmeir, Juergen and Gorelov, Alexander and Shcherbina, Anna and Rumyantsev, Alexander},
  journal={Journal of pediatric gastroenterology and nutrition},
  volume={63},
  number={5},
  pages={534},
  year={2016},
  publisher={Wolters Kluwer Health}
}

@article{gupta2011intention,
  title={Intention-to-treat concept: a review},
  author={Gupta, Sandeep K},
  journal={Perspectives in clinical research},
  volume={2},
  number={3},
  pages={109},
  year={2011},
  publisher={Wolters Kluwer--Medknow Publications}
}

@article{lewis2020dropout,
  title={Dropout from psychological therapies for post-traumatic stress disorder (PTSD) in adults: Systematic review and meta-analysis},
  author={Lewis, Catrin and Roberts, Neil P and Gibson, Samuel and Bisson, Jonathan I},
  journal={European Journal of Psychotraumatology},
  volume={11},
  number={1},
  pages={1709709},
  year={2020},
  publisher={Taylor \& Francis}
}

@article{kaufmann1995chapter,
  title={Chapter 14: Self-help group participation among people with severe mental illness},
  author={Kaufmann, Caroline L and Schulberg, Herbert C and Schooler, Nina R},
  journal={Prevention in Human Services},
  volume={11},
  number={2},
  pages={315--331},
  year={1995},
  publisher={Taylor \& Francis}
}